<?xml version="1.0" encoding="utf-8"?>
<record xmlns="http://www.loc.gov/MARC21/slim" xmlns:xsi="http://www.w3.org/2001/XMLSchema-instance" xsi:schemaLocation="http://www.loc.gov/MARC21/slim http://www.loc.gov/standards/marcxml/schema/MARC21slim.xsd">
	<leader>     nam a22     Mi 4500</leader>
	<controlfield tag="001">857288</controlfield>
	<controlfield tag="003">NjP</controlfield>
	<controlfield tag="006">m        d        </controlfield>
	<controlfield tag="007">cr cn |||m|||a</controlfield>
	<controlfield tag="008">210113s1859    ua      o     000 0 ara d</controlfield>
	<datafield ind1=" " ind2=" " tag="040">
		<subfield code="a">ZYU</subfield>
		<subfield code="b">ara</subfield>
		<subfield code="e">rda</subfield>
		<subfield code="c">ZYU</subfield>
	</datafield>
	<datafield ind1="1" ind2=" " tag="100">
		<subfield code="6">880-01</subfield>
		<subfield code="a">Bājūrī, Ibrāhīm ibn Muḥammad,</subfield>
		<subfield code="d">1783 or 1784-1860.</subfield>
	</datafield>
	<datafield ind1="1" ind2="0" tag="240">
		<subfield code="a">Ḥāshiyat al-ʻālim al-himām wa-al-ʻallāmah al-Imām al-Shaykh Ibrāhīm al-Bājūrī ʻalá matn al-Shamāʼil al-Muḥammadīyah ʻalá ṣāḥibihā afḍal al-ṣalāh wa-azká al-taḥīyah lil-Imām al-muḥaqqiq wa-al-muḥaddith al-mudaqqiq Muḥammad ibn ʻĪsá al-Tirmidhī</subfield>
	</datafield>
	<datafield ind1="1" ind2="0" tag="245">
		<subfield code="a">Hādhihi Ḥāshiyat al-ʻālim al-himām wa-al-ʻallāmah al-Imām al-Shaykh Ibrāhīm al-Bājūrī ʻalá matn al-Shamāʼil al-Muḥammadīyah ʻalá ṣāḥibihā afḍal al-ṣalāh wa-azká al-taḥīyah lil-Imām al-muḥaqqiq wa-al-muḥaddith al-mudaqqiq Muḥammad ibn ʻĪsá al-Tirmidhī.</subfield>
	</datafield>
	<datafield ind1="3" ind2=" " tag="246">
		<subfield code="6">880-02</subfield>
		<subfield code="a">Ḥāshiyat al-ʻālim al-himām wa-al-ʻallāmah al-Imām al-Shaykh Ibrāhīm al-Bājūrī ʻalá matn al-Shamāʼil al-Muḥammadīyah ʻalá ṣāḥibihā afḍal al-ṣalāh wa-azká al-taḥīyah lil-Imām al-muḥaqqiq wa-al-muḥaddith al-mudaqqiq Muḥammad ibn ʻĪsá al-Tirmidhī</subfield>
	</datafield>
	<datafield ind1=" " ind2=" " tag="260">
		<subfield code="a">[Cairo] :</subfield>
		<subfield code="b">[publisher not identified],</subfield>
		<subfield code="c">1276 [1859 or 1860]</subfield>
	</datafield>
	<datafield ind1=" " ind2=" " tag="300">
		<subfield code="a">online resource (324 pages)</subfield>
	</datafield>
	<datafield ind1=" " ind2=" " tag="336">
		<subfield code="a">text</subfield>
		<subfield code="2">rdacontent</subfield>
	</datafield>
	<datafield ind1=" " ind2=" " tag="337">
		<subfield code="a">computer</subfield>
		<subfield code="2">rdamedia</subfield>
	</datafield>
	<datafield ind1=" " ind2=" " tag="338">
		<subfield code="a">online resource</subfield>
		<subfield code="2">rdacarrier</subfield>
	</datafield>
	<datafield ind1=" " ind2=" " tag="500">
		<subfield code="a">Part of the Arabic Collections Online (ACO) project, contributed by Princeton University Libraries.</subfield>
	</datafield>
	<datafield ind1=" " ind2=" " tag="533">
		<subfield code="a">Electronic reproduction.</subfield>
		<subfield code="b">New York, N.Y. :</subfield>
		<subfield code="c">New York University,</subfield>
		<subfield code="d">2021.</subfield>
		<subfield code="5">NNU</subfield>
	</datafield>
	<datafield ind1="1" ind2="0" tag="600">
		<subfield code="a">Tirmidhī, Muḥammad ibn ʻĪsá,</subfield>
		<subfield code="d">-892.</subfield>
		<subfield code="t">Shamāʼil al-Muḥammadīyah.</subfield>
	</datafield>
	<datafield ind1="0" ind2="7" tag="630">
		<subfield code="a">Shamāʼil al-Muḥammadīyah (Tirmidhī, Muḥammad ibn ʻĪsá)</subfield>
		<subfield code="2">fast</subfield>
		<subfield code="0">(OCoLC)fst01916869</subfield>
	</datafield>
	<datafield ind1="2" ind2=" " tag="710">
		<subfield code="a">Princeton University.</subfield>
		<subfield code="b">Library.</subfield>
	</datafield>
	<datafield ind1="0" ind2=" " tag="730">
		<subfield code="a">Arabic Collections Online.</subfield>
	</datafield>
	<datafield ind1="0" ind2="8" tag="776">
		<subfield code="i">Online version:</subfield>
		<subfield code="a">Bājūrī, Ibrāhīm ibn Muḥammad, 1783 or 4-1860.</subfield>
		<subfield code="s">Ḥāshiyat al-ʻālim al-himām wa-al-ʻallāmah al-Imām al-Shaykh Ibrāhīm al-Bājūrī ʻalá matn al-Shamāʼil al-Muḥammadīyah ʻalá ṣāḥibihā afḍal al-ṣalāh wa-azká al-taḥīyah lil-Imām al-muḥaqqiq wa-al-muḥaddith al-mudaqqiq Muḥammad ibn ʻĪsá al-Tirmidhī.</subfield>
		<subfield code="t">Hādhihi Ḥāshiyat al-ʻālim al-himām wa-al-ʻallāmah al-Imām al-Shaykh Ibrāhīm al-Bājūrī ʻalá matn al-Shamāʼil al-Muḥammadīyah ʻalá ṣāḥibihā afḍal al-ṣalāh wa-azká al-taḥīyah lil-Imām al-muḥaqqiq wa-al-muḥaddith al-mudaqqiq Muḥammad ibn ʻĪsá al-Tirmidhī.</subfield>
		<subfield code="d">[Cairo : s.n.], 1276 [1859 or 1860]</subfield>
		<subfield code="w">(OCoLC)656980728</subfield>
	</datafield>
	<datafield ind1="0" ind2="8" tag="776">
		<subfield code="i">Print version:</subfield>
		<subfield code="a">Bājūrī, Ibrāhīm ibn Muḥammad, 1783 or 1784-1860.</subfield>
		<subfield code="t">Hādhihi Ḥāshiyat al-ʻālim al-himām wa-al-ʻallāmah al-Imām al-Shaykh Ibrāhīm al-Bājūrī ʻalá matn al-Shamāʼil al-Muḥammadīyah ʻalá ṣāḥibihā afḍal al-ṣalāh wa-azká al-taḥīyah lil-Imām al-muḥaqqiq wa-al-muḥaddith al-mudaqqiq Muḥammad ibn ʻĪsá al-Tirmidhī</subfield>
		<subfield code="w">(NjP)857288</subfield>
		<subfield code="w">(OCoLC)29685427</subfield>
	</datafield>
	<datafield ind1="4" ind2="0" tag="856">
		<subfield code="u">http://hdl.handle.net/2333.1/47d7wx53</subfield>
	</datafield>
	<datafield ind1="1" ind2=" " tag="880">
		<subfield code="6">100-01</subfield>
		<subfield code="a">باجوري، ابراهيم بن محمد.</subfield>
	</datafield>
	<datafield ind1="1" ind2="0" tag="880">
		<subfield code="6">240-00</subfield>
		<subfield code="a">حاشية الباجوري على متن الشمائل المحمدية</subfield>
	</datafield>
	<datafield ind1="1" ind2="0" tag="880">
		<subfield code="6">245-00</subfield>
		<subfield code="a">هذه حاشية العالم الهمام والعلامة الإمام الشيخ إبراهيم الباجوري على متن الشمائل المحمدية على صاحبها أفضل الصلاة وأزكى التحية للعالم المحقق والمحدث المدقق محمد بن عيسى الترمذي.</subfield>
	</datafield>
	<datafield ind1="3" ind2=" " tag="880">
		<subfield code="6">246-02</subfield>
		<subfield code="a">مواهب اللدنية على الشمائل المحمدية</subfield>
	</datafield>
	<datafield ind1=" " ind2=" " tag="880">
		<subfield code="6">260-00</subfield>
		<subfield code="a">بولاق :</subfield>
		<subfield code="b">المطبعة العامرة،</subfield>
		<subfield code="c">1276 [1859 أو 1860]</subfield>
	</datafield>
	<datafield ind1="1" ind2="2" tag="880">
		<subfield code="6">700-00</subfield>
		<subfield code="a">ترمذي، محمد بن عيسى.</subfield>
		<subfield code="t">شمائل.</subfield>
	</datafield>
	<datafield ind1="0" ind2=" " tag="880">
		<subfield code="6">740-00</subfield>
		<subfield code="a">حاشية العالم الهمام والعلامة الإمام الشيخ إبراهيم الباجوري على متن الشمائل المحمدية على صاحبها أفضل الصلاة وأزكى التحية للعالم المحقق والمحدث المدقق محمد بن عيسى الترمذي.</subfield>
	</datafield>
	<datafield ind1=" " ind2=" " tag="959">
		<subfield code="a">NNU</subfield>
		<subfield code="b">WEB</subfield>
		<subfield code="c">GENI</subfield>
		<subfield code="t">0</subfield>
		<subfield code="m">Electronic access</subfield>
		<subfield code="s">01</subfield>
	</datafield>
	<datafield ind1=" " ind2=" " tag="999">
		<subfield code="i">NjP_857288</subfield>
		<subfield code="o">(OCoLC)ocm29685427 </subfield>
		<subfield code="s">princeton_aco004853:</subfield>
		<subfield code="e">(ERROR-880)(ERROR-MISC)</subfield>
	</datafield>
</record>
